@MANUAL{DataSheet 74LS83,
	author = "Vu Duc Cuong",
	year = 1986,
	month = August ,
}